@online{gibbsBio,

howpublished={\url{https://www.aps.org/programs/outreach/history/historicsites/gibbs.cfm}},
publisher={American Physical Society},
title={J. Willard Gibbs},
year={2018}

}

@misc{lectureOnGreekAstro,
title ={Astro 110-01, Lecture 7},
year ={2009},
month ={Feb},
howpublished={\url{https://www.ifa.hawaii.edu/users/shadia/lectures/habbal_astro110-01_spring2009_lecture7.pdf}}
}


@book{vallado2007fundamentals,
	title={Fundamentals of astrodynamics and applications},
	author={Vallado, David A},
	edition={3},
	year={2007},
	publisher={Springer Science \& Business Media}
}




@online{noradSC,
title={NORAD Tracks Santa},
url={http://www.norad.mil/About-NORAD/NORAD-Tracks-Santa/},
urldate={10-23-2018},
author={NORAD}
}

@online{nasaOE,
url={https://spaceflight.nasa.gov/realdata/elements/},
urldate={10-23-2018},
author={NASA},
year ={2012}
}
@online{semMaxis,

title={Semi-Major Axis},
url={https://astronomy.swin.edu.au/cosmos/S/Semi-major+Axis},
author={Swinburne University of Technology},
	urldate = {2018-10-2331}

}
@book{curtis2013, 
	 title={ORBITAL MECHANICS FOR ENGINEERING STUDENTS}, publisher={Elsevier Butterworth Heinemann}, 
	 author={CURTIS, HOWARD D.}, year={2013}
 }
@book{curtis2013_gibbs, 
  title={Orbital mechanics for engineering students},
author={Curtis, Howard D},
year={2013},
publisher={Butterworth-Heinemann}
  pages       = "240-244",
chapter     = 5,
}
@mastersthesis{paulT,
	title={CUBESAT DYNAMICS AND ATTITUDE CONTROL: KANEâ€™S METHOD, LQR, AND KALMAN FILTERING
	},
	author={Paul McKee},
	year={2018},
	school={Rensselaer Polytechnic Institute},
	address={Troy, NY}
}

@mastersthesis{Kaushick,
	title={A STATISTICAL COMPARISON BETWEEN GIBBS AND HERRICK-GIBBS ORBIT DETERMINATION METHODS}, 
	author={Arvind Shankar Kaushik},
	month={August},
	year={2016},
	school={Texas A\&M University},
}




@inproceedings{vallado2012two,
	title={Two-line element sets--practice and use},
	author={Vallado, David A and Cefola, Paul J},
	booktitle={63rd International Astronautical Congress, Naples, Italy},
	year={2012}
}

